@article{rojastutorial,
    title={A Tutorial Introduction to the Lambda Calculus},
    author={Ra√∫l Rojas},
    adsurl={https://www.inf.fu-berlin.de/lehre/WS03/alpi/lambda.pdf},
    bibsource={FU Berlin, http://inf.fu-berlin.de},
}
@article{hudakevolution,
    title={Conception, Evolution, and Application of Functional Programming Languages},
    author={Paul Hudak},
    adsurl={http://www.dbnet.ece.ntua.gr/~adamo/languages/books/p359-hudak.pdf},
}

@MISC{computerphile,
    title={Lambda Calculus - Computerphile},
    url={https://www.youtube.com/watch?v=eis11j_iGMs},
}
